
@article{bizer_linked_2009,
	title = {Linked {Data} - {The} {Story} {So} {Far}},
	journal = {International Journal on Semantic Web and Information Systems},
	author = {Bizer, Christian and Heath, Tom and Berners-Lee, Tim},
	year = {2009},
	keywords = {refsw}
}

@book{heath_linked_2011,
	title = {Linked {Data}: {Evolving} the {Web} into a {Global} {Data} {Space} (1st edition)},
	volume = {Synthesis Lectures on the Semantic Web: Theory and Technology},
	publisher = {Morgan \& Claypool},
	author = {Heath, Tom and Bizer, Christian},
	year = {2011},
	keywords = {refsw}
}

@inproceedings{auer_managing_2012,
	title = {Managing the life-cycle of linked data with the {LOD}2 stack},
	booktitle = {International semantic {Web} conference},
	publisher = {Springer},
	author = {Auer, Sören and Bühmann, Lorenz and Dirschl, Christian and Erling, Orri and Hausenblas, Michael and Isele, Robert and Lehmann, Jens and Martin, Michael and Mendes, Pablo N and Van Nuffelen, Bert and {others}},
	year = {2012},
	pages = {1--16}
}

@misc{_cool_????,
	title = {Cool {URIs} for the {Semantic} {Web}},
	url = {https://www.w3.org/TR/cooluris/},
	language = {en},
	urldate = {2016-08-05},
	file = {Cool URIs for the Semantic Web:/home/haller/.mozilla/firefox/da65lf10.default/zotero/storage/JMB75V6D/cooluris.html:text/html}
}

@misc{_best_????,
	title = {Best {Practice} {Recipes} for {Publishing} {RDF} {Vocabularies}},
	url = {https://www.w3.org/TR/swbp-vocab-pub/},
	urldate = {2016-08-11},
	file = {Best Practice Recipes for Publishing RDF Vocabularies:/home/haller/.mozilla/firefox/da65lf10.default/zotero/storage/FQIEWJDN/swbp-vocab-pub.html:text/html}
}

@misc{tandy_spatial_????,
	title = {Spatial {Data} on the {Web} {Best} {Practices}},
	url = {https://www.w3.org/TR/sdw-bp/#bp-expressing-spatial},
	language = {en},
	urldate = {2016-08-12},
	author = {Tandy, Jeremy and Barnaghi, Payam and van den Brink, Linda},
	note = {Accessed: 2016-09-26},
	file = {Snapshot:/home/haller/.mozilla/firefox/da65lf10.default/zotero/storage/S6MT4ZGZ/sdw-bp.html:text/html}
}

@article{battle_geosparql:_2011,
	title = {Geosparql: enabling a geospatial semantic web},
	volume = {3},
	number = {4},
	journal = {Semantic Web Journal},
	author = {Battle, Robert and Kolas, Dave},
	year = {2011},
	pages = {355--370}
}

@inproceedings{yang_navigation_2011,
	title = {A navigation ontology for outdoor-indoor space:(work-in-progress)},
	booktitle = {Proceedings of the 3rd {ACM} {SIGSPATIAL} international workshop on indoor spatial awareness},
	publisher = {ACM},
	author = {Yang, Liping and Worboys, Michael},
	year = {2011},
	pages = {31--34}
}

@inproceedings{worboys_modeling_2011,
	title = {Modeling indoor space},
	booktitle = {Proceedings of the 3rd {ACM} {SIGSPATIAL} {International} {Workshop} on {Indoor} {Spatial} {Awareness}},
	publisher = {ACM},
	author = {Worboys, Michael},
	year = {2011},
	pages = {1--6}
}

@inproceedings{dudas_onalin:_2009,
	title = {{ONALIN}: {Ontology} and algorithm for indoor routing},
	booktitle = {2009 {Tenth} {International} {Conference} on {Mobile} {Data} {Management}: {Systems}, {Services} and {Middleware}},
	publisher = {IEEE},
	author = {Dudas, Patrick M and Ghafourian, Mahsa and Karimi, Hassan A},
	year = {2009},
	pages = {720--725}
}

@article{bizer_emerging_2009,
	title = {The emerging web of linked data},
	volume = {24},
	number = {5},
	journal = {IEEE intelligent systems},
	author = {Bizer, Christian},
	year = {2009},
	pages = {87--92}
}

@inproceedings{atemezing_comparing_2012,
	title = {Comparing vocabularies for representing geographical features and their geometry},
	volume = {3},
	booktitle = {Terra {Cognita} 2012 {Workshop}},
	author = {Atemezing, Ghislain Auguste and Troncy, Raphaël},
	year = {2012}
}

@misc{research_group:_akws_lodstats_????,
	title = {{LODStats} - {Basic} {Statistics} of the {LOD} cloud},
	url = {http://stats.lod2.eu/stats},
	language = {en},
	urldate = {2016-09-26},
	journal = {LODStats - Basic Statistics of the LOD cloud},
	author = {{Research Group: AKWS}},
	note = {Accessed: 2016-09-26},
	file = {LODStats - 9960 datasets:/home/haller/.mozilla/firefox/da65lf10.default/zotero/storage/VET2EDVQ/stats.html:text/html}
}

@article{brickley_basic_2003,
	title = {Basic geo vocabulary},
	url = {https://www.w3.org/2003/01/geo/},
	journal = {W3C Semantic Web Interest Group. Available at: http://www.w3.org/2003/01/geo},
	author = {Brickley, D},
	year = {2003},
	note = {Accessed: 2016-09-26}
}

@article{hyland_best_2014,
	title = {Best practices for publishing linked data},
	url = {https://www.w3.org/TR/ld-bp/},
	journal = {W3C Working Group Note},
	author = {Hyland, Bernadette and Atemezing, Ghislain and Villazón-Terrazas, Boris},
	year = {2014}
}